% escreva aqui as referências utilizadas no trabalho

@article{mobilenet,
  title={MobileNets: Efficient Convolutional Neural Networks for Mobile Vision Applications},
  author={Andrew G. Howard and Menglong Zhu and Bo Chen and Dmitry Kalenichenko and Weijun Wang and Tobias Weyand and  Marco Andreetto and  Hartwig Adam},
  journal = {arXiv},
  year={2017},
  url={https://arxiv.org/pdf/1704.04861.pdf},
  urlaccessdate={12 out. 2019}
}

@article{Chaudhuri,
	author={Shomir Chaudhuri},
	title={Fall Detection Devices and their Use with Older Adults: A Systematic Review},
	journal="Journal of Geriatric Physical Therapy",
	year={2014},
	month="October",
	number="4",
	volume="37",
    publisher="LWW",
	pages="178--196",
	urlaccessdate={7 abr. 2019},
}

@article{stasm,
  author={Stephen Milborrow and Fred Nicolls},
  title={Locating Facial Features with an Extended
Active Shape Model},
  journal={Computer Vision – ECCV 2008},
  year = {2008},
  volume={5305},
  publisher={Springer, Berlin, Heidelberg},
  pages="504-513",
  url={http://www.milbo.org/stasm-files/locating-facial-features-with-an-extended-asm.pdf},
  urlaccessdate={10 nov. 2019}
}

@article{SVM,
    author={M. A. Hearst and S. T. Dumais and E. Osuna and J. Platt and B. Scholkopf},
    title={Support Vector Machines},
    journal={IEEE Intelligent Systems and their Applications},
    year={1998},
    volume={13},
    number={4},
    month={jul. - ago.},
    publisher={IEEE},
    pages={18-28},
    url={https://ieeexplore.ieee.org/abstract/document/708428/authors},
    urlaccessdate={10 nov. 2019}
}

@book{IoT,
	author = "Bernardo Leal and Luigi Atzori and Daniel Giusto and Antonio Iera and Giacomo Morabito",
	title = "The Internet of Things: 20th Tyrrhenian Workshop on Digital Communications",
	year = "2010",
	edition = "1ª Edição",
    publisher = "Springer-Verlag New York"
}

@conference{false-positives,
    author={Stefano Abbate and Marco Avvenuti and Guglielmo Cola and Paolo Corsini and Janet Light and Alessio Vecchio},
    title={Recognition of false alarms in fall detection systems},
    booktitle={Consumer Communications and Networking Conference},
    publisher={IEEE},
    url={https://www.researchgate.net/publication/224236986_Recognition_of_false_alarms_in_fall_detection_systems},
    urlaccessdate = {04 dez. 2019},
    year={2011}
}

@misc{IBGE-idosos2017,
  title={Número de idosos cresce 18\% em 5 anos e ultrapassa 30 milhões em 2017},
  author={Rodrigo Paradella},
  year={2018},
  url = {https://agenciadenoticias.ibge.gov.br/agencia-noticias/2012-agencia-de-noticias/noticias/20980-numero-de-idosos-cresce-18-em-5-anos-e-ultrapassa-30-milhoes-em-2017},
  urlaccessdate = {10 mar. 2019}
}

@misc{IBGE-projecao,
  title={Projeção da população do Brasil e das Unidades da Federação},
  author={IBGE},
  year={2019},
  url = {https://www.ibge.gov.br/apps/populacao/projecao/},
  urlaccessdate = {10 mar. 2019}
}

@misc{autoai-config,
  title={Watson Machine Learning plans and compute usage},
  author={{IBM Watson Machine Learning}},
  year={2019},
  url = {https://dataplatform.cloud.ibm.com/docs/content/wsj/analyze-data/track-runtime-usage-wml.html},
  urlaccessdate = {10 nov. 2019}
}

@misc{50anos-idosos,
  title={Em 50 anos, percentual de idosos mais que dobra no Brasil},
  author={{G1}},
  year={2012},
  url = {http://g1.globo.com/brasil/noticia/2012/04/em-50-anos-percentual-de-idosos-mais-que-dobra-no-brasil.html},
  urlaccessdate = {10 mar. 2019}
}

@misc{keras-graph,
  title={Deep Learning Framework Power Scores 2018},
  author={Jeff Hale},
  year={2018},
  url = {https://towardsdatascience.com/deep-learning-framework-power-scores-2018-23607ddf297a},
  urlaccessdate = {18 aug. 2019}
}

@misc{tf-intro,
  title={What is TensorFlow? The machine learning library explained},
  author={Serdar Yegulalp},
  year={2018},
  url = {https://www.infoworld.com/article/3278008/what-is-tensorflow-the-machine-learning-library-explained.html},
  urlaccessdate = {18 aug. 2019}
}

@misc{OMS-ageingWell,
  title={“Ageing well” must be a global priority},
  author={OMS},
  year={2014},
  url = {https://www.who.int/mediacentre/news/releases/2014/lancet-ageing-series/en/},
  urlaccessdate = {10 mar. 2019}
}

@misc{IESPE,
  title={Quais são os desafios enfrentados pelo idoso?},
  author={José Anísio Pitico},
  year={2016},
  url = {https://www.iespe.com.br/blog/quais-sao-os-desafios-enfrentados-pelo-idoso/},
  urlaccessdate = {10 mar. 2019}
}

@misc{OMS-falls,
  title={Falls},
  author={OMS},
  year={2018},
  url = {https://www.who.int/news-room/fact-sheets/detail/falls},
  urlaccessdate = {10 mar. 2019}
}

@misc{Exame-desafios,
  title={Os desafios do envelhecimento na sociedade moderna},
  author={Dino},
  year={2016},
  url={https://exame.abril.com.br/negocios/dino/os-desafios-do-envelhecimento-na-sociedade-moderna-dino89089117131/},
  urlaccessdate={10 mar. 2019}
}

@misc{brasil-transformacao,
  title={Brasil hoje está numa fase de transformação, está se 'redesenhando', diz Guedes},
  author={{Estadão}},
  year={2018},
  url={https://www.em.com.br/app/noticia/economia/2018/12/17/internas_economia,1013975/brasil-hoje-esta-numa-fase-de-transformacao-esta-se-redesenhando-d.shtml},
  urlaccessdate={08 mai. 2019}
}

@misc{brasil-saude,
  title={Saúde Pública no Brasil},
  author={Lana Magalhaes},
  year={2018},
  url={https://www.todamateria.com.br/saude-publica-no-brasil/},
  urlaccessdate={08 mai. 2019}
}

@misc{brasil-seguranca,
  title={Segurança pública brasileira: responsáveis, números e desafios},
  author={Icaro Faria},
  year={2019},
  url={https://www.politize.com.br/seguranca-publica-brasileira-entenda/},
  urlaccessdate={08 mai. 2019}
}

@misc{free-software,
  author={{Free Software Foundation}},
  title={Free software is software that gives you the user the freedom to share, study and modify it. We call this free software because the user is free},
  url={https://www.fsf.org/about/what-is-free-software},
  year = {2019},
  urlaccessdate={17 mai. 2019}
}

@misc{cloud,
  author={Softline},
  title={IaaS, PaaS e SaaS: entenda os modelos de nuvem e suas finalidades},
  url={https://brasil.softlinegroup.com/sobre-a-empresa/blog/iaas-paas-saas-nuvem},
  year = {2017},
  urlaccessdate={19 mai. 2019}
}

@misc{ai-today,
  author={Mark Troester},
  title={What's Different Now? 5 Reasons Why AI Is Suddenly Accessible},
  url={https://dzone.com/articles/whats-different-now-5-reasons-why-ai-is-suddenly-a},
  year = {2017},
  urlaccessdate={17 mai. 2019}
}

@misc{jetson-nano,
  author={{NVIDIA}},
  title={Jetson Nano Developer Kit},
  url={https://developer.nvidia.com/embedded/buy/jetson-nano-devkit},
  year = {2019},
  urlaccessdate={17 mai. 2019}
}

@misc{coral,
  author={{Google Inc.}},
  title={Coral Developer Board},
  url={https://coral.withgoogle.com/products/dev-board/},
  year = {2019},
  urlaccessdate={06 out. 2019}
}

@misc{hog,
  author={Navneet Dalal and Bill Triggs},
  title={Histograms of Oriented Gradients for Human Detection},
  url={https://lear.inrialpes.fr/people/triggs/pubs/Dalal-cvpr05.pdf},
  year = {2005},
  urlaccessdate={17 mai. 2019}
}

@article{yolov3,
  title={YOLOv3: An Incremental Improvement},
  author={Redmon, Joseph and Farhadi, Ali},
  journal = {arXiv},
  year={2018},
  url={https://pjreddie.com/media/files/papers/YOLOv3.pdf},
  urlaccessdate={19 mai. 2019}
}

@misc{darknet,
  author={Joseph Redmon},
  title={Darknet: Open Source Neural Networks in C},
  url={http://pjreddie.com/darknet/},
  year = {2013--2016},
  urlaccessdate={11 mai. 2019}
}

@misc{yolo-implementations,
  author={{ENRIQUE A.}},
  title={Object detection with YOLO: implementations and how to use them},
  url={https://medium.com/@enriqueav/object-detection-with-yolo-implementations-and-how-to-use-them-5da928356035},
  year = {2018},
  urlaccessdate={03 ago. 2019}
}

@misc{yolo-opencv,
  author={Adrian Rosebrock},
  title={YOLO object detection with OpenCV},
  url={https://www.pyimagesearch.com/2018/11/12/yolo-object-detection-with-opencv},
  year = {2018},
  urlaccessdate={11 ago. 2019}
}

@misc{cnn,
  author={{OpenGenus}},
  title={Learn about various Object Detection Techniques},
  url={https://discourse.opengenus.org/t/learn-about-various-object-detection-techniques/3864},
  year = {2019},
  urlaccessdate={11 ago. 2019}
}

@misc{viola-jones,
  author={Anmol Parande},
  title={Understanding and Implementing the Viola-Jones Image Classification Algorithm},
  url={https://medium.com/datadriveninvestor/understanding-and-implementing-the-viola-jones-image-classification-algorithm-85621f7fe20b},
  year = {2019},
  urlaccessdate={11 ago. 2019}
}

@misc{transfer-learning,
  author={Jason Brownlee},
  title={A Gentle Introduction to Transfer Learning for Deep Learning},
  url={https://machinelearningmastery.com/transfer-learning-for-deep-learning/},
  year = {2017},
  urlaccessdate={03 ago. 2019}
}

@misc{ml-types-brownlee,
  author={Jason Brownlee},
  title={A Tour of The Most Popular Machine Learning Algorithms},
  url={https://machinelearningmastery.com/a-tour-of-machine-learning-algorithms/},
  year = {2019},
  urlaccessdate={13 out. 2019}
}

@misc{yolo-original,
  author={Joseph Redmon and Santosh Divvala and Ross Girshick and Ali Farhadi},
  title={You Only Look Once: Unified, Real-Time Object Detection},
  url={https://arxiv.org/pdf/1506.02640.pdf},
  year = {2016},
  urlaccessdate={11 ago. 2019}
}

@misc{yolo-9000,
  author={Joseph Redmon and Ali Farhadi},
  title={YOLO9000: Better, Faster, Stronger},
  url={https://arxiv.org/pdf/1612.08242.pdf},
  year = {2016},
  urlaccessdate={11 ago. 2019}
}

@misc{alexey-darknet,
  author={Alexey AB},
  title={Yolo-v3 and Yolo-v2 for Windows and Linux},
  url={https://github.com/AlexeyAB/darknet},
  year = {2019},
  urlaccessdate={11 ago. 2019}
}

@misc{darkflow,
  author={Trinh Trieu},
  title={Darkflow},
  url={https://github.com/thtrieu/darkflow/},
  year = {2019},
  urlaccessdate={11 ago. 2019}
}

@misc{tf-pros-cons,
  author={{DataFlair}},
  title={TensorFlow Pros and Cons – The Bright and the Dark Sides},
  url={https://data-flair.training/blogs/tensorflow-pros-and-cons},
  year = {2019},
  urlaccessdate={11 ago. 2019}
}

@misc{tf-pros-cons-2,
  author={Tomasz Bonus},
  title={What are the pros and cons of Tensorflow?},
  url={https://www.quora.com/What-are-the-pros-and-cons-of-Tensorflow},
  year = {2018},
  urlaccessdate={11 ago. 2019}
}

@misc{js-popular,
  author={Kyla Brown},
  title={JavaScript: How Did It Get So Popular?},
  url={https://news.codecademy.com/javascript-history-popularity},
  year = {2018},
  urlaccessdate={11 ago. 2019}
}

@misc{tfjs-implementations,
  author={Josh Gordon and Sara Robinson},
  title={Introducing TensorFlow.js: Machine Learning in Javascript},
  url={https://medium.com/tensorflow/introducing-tensorflow-js-machine-learning-in-javascript-bf3eab376db},
  year = {2018},
  urlaccessdate={11 ago. 2019}
}

@misc{tf-pros-cons-3,
  author={Kai Hicks},
  title={What are the pros and cons of Tensorflow?},
  url={https://www.quora.com/What-are-the-pros-and-cons-of-Tensorflow},
  year = {2018},
  urlaccessdate={11 ago. 2019}
}

@misc{greatcall,
  author={Greatcall},
  title={Lively Mobile Medical Alert System},
  url={https://www.greatcall.com/devices/lively-mobile-medical-alert-system},
  year = {2019},
  urlaccessdate={10 nov. 2019}
}

@misc{walabot,
  author={Walabot},
  title={Walabot HOME},
  url={https://walabot.com/walabot-home/products},
  year = {2019},
  urlaccessdate={10 nov. 2019}
}

@misc{tecnosenior,
  author={Tecnosenior},
  title={Vidafone Móvel},
  url={https://tecnosenior.com/vidafone/},
  year = {2019},
  urlaccessdate={10 nov. 2019}
}

@misc{Fleming,
	author={Fleming, Jane and Brayne, Carol},
	title={Inability to get up after falling, subsequent time on floor, and summoning help: prospective cohort study in people over 90},
	year={2008},
	month={November},
    publisher={BMJ},
	url = {https://www.bmj.com/content/337/bmj.a2227},
	urlaccessdate={8 mai. 2019},
}

@misc{R-CNN,
  author={J.R.R. Uijlings and K.E.A. van de Sande and T. Gevers and A.W.M. Smeulders},
  title={Selective Search for Object Recognition},
  url={http://www.huppelen.nl/publications/selectiveSearchDraft.pdf},
  year = {2012},
  urlaccessdate={11 ago. 2019}
}

@misc{YOLOv2-site,
  author={Joseph Redmon and Ali Farhadi},
  title={YOLO: Real-Time Object Detection},
  url={https://pjreddie.com/darknet/yolov2/},
  year = {2016},
  urlaccessdate={18 ago. 2019}
}

@misc{YOLO9000-series,
  author={Mark Jay},
  title={YOLO-9000-series},
  url={https://github.com/markjay4k/YOLO-series},
  year = {2017},
  urlaccessdate={18 ago. 2019}
}

@misc{IBM-object-detection,
  author={{Cloud Annotations}},
  title={Object Detection},
  url={https://cloud-annotations.github.io/training/object-detection/cli/index.html},
  year = {2019},
  urlaccessdate={26 jul. 2019}
}

@misc{IBM-object-storage,
  author={{IBM Object Storage}},
  title={IBM Cloud Object Storage},
  url={https://www.ibm.com/br-pt/cloud/object-storage},
  year = {2019},
  urlaccessdate={18 ago. 2019}
}

@misc{cloud-annotations,
  author={Nick Bourdakos},
  title={Cloud Annotations},
  url={https://github.com/cloud-annotations/training},
  year = {2019},
  urlaccessdate={18 ago. 2019}
}

@misc{autoai,
  author={{IBM AutoAI}},
  title={AutoAI},
  url={https://dataplatform.cloud.ibm.com/docs/content/wsj/analyze-data/autoai-overview.html},
  year = {2019},
  urlaccessdate={17 set. 2019}
}

@misc{autoai-overview,
  author={{IBM AutoAI}},
  title={AutoAI Overview},
  url={https://www.ibm.com/cloud/watson-studio/autoai},
  year = {2019},
  urlaccessdate={10 nov. 2019}
}

@misc{pca,
  author={Matt Brems},
  title={A One-Stop Shop for Principal Component Analysis},
  url={https://towardsdatascience.com/a-one-stop-shop-for-principal-component-analysis-5582fb7e0a9c},
  year = {2017},
  urlaccessdate={10 nov. 2019}
}

@misc{lgbm,
  author={Pushkar Mandot},
  title={What is LightGBM, How to implement it? How to fine tune the parameters?},
  url={https://medium.com/@pushkarmandot/https-medium-com-pushkarmandot-what-is-lightgbm-how-to-implement-it-how-to-fine-tune-the-parameters-60347819b7fc},
  year = {2017},
  urlaccessdate={10 nov. 2019}
}

@misc{ai-problems,
  author={Brian Bergstein},
  title={This is why AI has yet to reshape most businesses},
  url={https://www.technologyreview.com/s/612897/this-is-why-ai-has-yet-to-reshape-most-businesses/},
  year = {2019},
  urlaccessdate={10 nov. 2019}
}

@misc{ufs,
  author={Haitian Wei},
  title={Feature Selection Methods with Code Examples},
  url={https://medium.com/analytics-vidhya/feature-selection-methods-with-code-examples-a78439477cd4},
  year = {2019},
  urlaccessdate={10 nov. 2019}
}

@misc{bbc-ml-timeline,
  author={BBC},
  title={The history of machine learning},
  url={https://www.bbc.com/timelines/zypd97h#z89ntv4},
  year = {2019},
  urlaccessdate={12 out. 2019}
}

@misc{mathworks-deep-learning,
  author={{Mathworks}},
  title={What is Deep Learning?},
  url={https://www.mathworks.com/discovery/deep-learning.html},
  year = {2019},
  urlaccessdate={17 out. 2019}
}

@misc{history-ml,
  author={Hugo Mayo and Hashan Punchihewa and Julie Emile and Jack Morrison},
  title={History of Machine Learning},
  url={https://www.doc.ic.ac.uk/~jce317/history-machine-learning.html},
  year = {2018},
  urlaccessdate={12 out. 2019}
}

@misc{shah,
  author={Dhruv Shah},
  title={AI, Machine Learning, \& Deep Learning Explained in 5 Minutes},
  url={https://becominghuman.ai/ai-machine-learning-deep-learning-explained-in-5-minutes-b88b6ee65846},
  year = {2018},
  urlaccessdate={12 out. 2019}
}

@misc{what-is-ml,
  author={{Expert System}},
  title={What is Machine Learning? A definition},
  url={https://expertsystem.com/machine-learning-definition/},
  year = {2017},
  urlaccessdate={12 out. 2019}
}

@misc{ml-types,
  author={Sunil Ray},
  title={Commonly used Machine Learning Algorithms (with Python and R Codes)},
  url={https://www.analyticsvidhya.com/blog/2017/09/common-machine-learning-algorithms/},
  year = {2017},
  urlaccessdate={12 out. 2019}
}

@misc{neural-networks,
  author={Chris Nicholson},
  title={A Beginner's Guide to Neural Networks and Deep Learning},
  url={https://skymind.ai/wiki/neural-network},
  year = {2019},
  urlaccessdate={13 out. 2019}
}

@misc{deep-learning,
  author={Bernard Marr},
  title={Deep Learning Vs Neural Networks - What’s The Difference?},
  url={https://bernardmarr.com/default.asp?contentID=1789},
  year = {2019},
  urlaccessdate={13 out. 2019}
}

@misc{auto-ml,
  author={Lucas Oliveira},
  title={AutoML: uma nova abordagem de Machine Learning},
  url={https://medium.com/data-hackers/automl-uma-nova-abordagem-de-machine-learning-87a40d866dc1},
  year = {2019},
  urlaccessdate={10 nov. 2019}
}

@misc{face-spoofing,
  title={Face Spoofing Detection From Single Images Using
Active Shape Models with Stasm And LBP},
  author={Azeddine Benlamoudi and Djamel Samai and Abdelkrim Ouaf and Abdelmalik Taleb-Ahmed and Abdenour Hadid and  Salah Eddine Bekhouche},
  year={2015},
  url={http://salah.bekhouche.com/publications/international-conference-papers/cva2015.pdf},
  urlaccessdate={10 nov. 2019}
}

@misc{cnn2,
  author={Rohith Gandhi},
  title={R-CNN, Fast R-CNN, Faster R-CNN, YOLO — Object Detection Algorithms},
  url={https://towardsdatascience.com/r-cnn-fast-r-cnn-faster-r-cnn-yolo-object-detection-algorithms-36d53571365e},
  year = {2018},
  urlaccessdate={10 nov. 2019}
}

@misc{tensorflow-site,
  author={{Google Inc.}},
  title={An end-to-end open source machine learning platform},
  url={https://www.tensorflow.org/},
  year = {2019},
  urlaccessdate={10 nov. 2019}
}

@misc{keras-site,
  author={{Keras}},
  title={Keras: The Python Deep Learning library},
  url={https://keras.io/},
  year = {2019},
  urlaccessdate={10 nov. 2019}
}

@misc{iaas-paas,
  author={{IBM Cloud}},
  title={Entenda os modelos de serviço IaaS, PaaS e SaaS do IBM Cloud},
  url={https://www.ibm.com/br-pt/cloud/learn/iaas-paas-saas},
  year = {2019},
  urlaccessdate={10 nov. 2019}
}

@misc{nest-cam-indoor,
  author={{Google Nest}},
  title={Google Nest Cam Indoor},
  url={https://store.google.com/us/product/nest_cam?hl=en-US},
  year = {2019},
  urlaccessdate={10 nov. 2019}
}

@misc{crisp-dm,
  author={Kenneth A. Jensen},
  title={CRISP-DM},
  url={https://sites.google.com/site/kennethagregaardjensen/crisp-dm},
  year = {2012},
  urlaccessdate={10 nov. 2019}
}

@misc{understand-automl,
  author={{AI Frontiers}},
  title={Understanding AutoML and Neural Architecture Search},
  url={https://medium.com/aifrontiers/understand-automl-and-neural-architecture-search-4260a0942116},
  year = {2018},
  urlaccessdate={01 dez. 2019}
}

@misc{yolo-versions,
  author={Mehul Gupta},
  title={All About YOLO Object Detection and its 3 versions (Paper Summary and Codes!!)},
  url={https://medium.com/datadriveninvestor/all-about-yolo-object-detection-and-its-3-versions-paper-summary-and-codes-2742d24f56e},
  year = {2019},
  urlaccessdate={01 dez. 2019}
}

@misc{yolov3-whats-new,
  author={Ayoosh Kathuria},
  title={What’s new in YOLO v3?},
  url={https://towardsdatascience.com/yolo-v3-object-detection-53fb7d3bfe6b},
  year = {2018},
  urlaccessdate={01 dez. 2019}
}